
@BOOK{Comrie1981,
  author = {Bernard Comrie},
  year = {1981},
  title = {Language Universals and Linguistic Typology},
  address = {Oxford},
  publisher = {Basil Blackwell}
}

@BOOK{Chomsky1957,
  author = {Noam Chomsky},
  year = {1957},
  title = {Syntactic structures},
  address = {The Hague},
  publisher = {Mouton} 
}


@BOOK{Circov1900,
  author = {Ćircov, Boban},
  sortname={Circov},
  year = {1957},
  title = {Test book},
  address = {The Hague},
  publisher = {Mouton} 
}
 
@BOOK{MeierCircovac1900,
  author = {Meier, Hans and Ćircovac, Damir},
  year = {1957},
  title = {Toastbrot},
  address = {The Hague},
  publisher = {Mouton} 
}

@inproceedings{Meier2000,
author = {Robert Meier},
title = {The {AGGRO} Algorithm},
year = {2000},
conference = {LREC 10},
booktitle = {Proceedings of {LREC} 10},
address = {Olympus Mons},
pages = {111--114}
}

@book{Chomsky1965aspects,
author ={Chomsky, Noam},
year = {1965},
title = {Aspects of the Theory of Syntax},
address={Cambridge, Massachusetts},
publisher ={MIT Press}
}


@book{Chomsky1965cartesian,
author ={Chomsky, Noam},
year = {1965},
title = {Cartesian Linguistics: {{A}} Chapter in the History of Rationalist Thought},
address={New York},
publisher ={Harper \& Row}
}



@book{Url2001,
year = {1999},
author = {Ulli Urlheimer},
title = {Why {URLs} should be displayed for books},
address = {Urlhausen},
publisher = {Next thing up is the URL press},
url = {www.url.com},
urldate = {2014-11-21}
}

@book{ComplexYear2000,
year={2000--2002},
author = {Kom Plexius},
title = {Multi-year books are great fun},
address = {Alpha Centauri},
publisher = {Multi Year Press}
}